@article{Litjens,
  author = "Geert Litjens and Clara I. S{\'{a}}nchez and Nadya Timofeeva and Meyke Hermsen and Iris Nagtegaal and Iringo Kovacs and Christina Hulsbergen - van de Kaa and Peter Bult and Bram van Ginneken and Jeroen van der Laak",
  title = "Deep learning as a tool for increased accuracy and efficiency of histopathological diagnosis",
  journal = "Scientific Reports",
  year  = "2016",
 }

@article{places,
    author  = "B. Zhou and A. Lapedriza and J. Xiao and A. Torralba and A. Oliva",
    title   = "Learning Deep Features for Scene Recognition using Places Database.",
    journal = "Advances in Neural Information Processing Systems 27 (NIPS)",
    year    = "2014"
}

@misc{tensorflow2015,
title=" {TensorFlow}: Large-Scale Machine Learning on Heterogeneous Systems",
url="http://tensorflow.org/",
author= "
    Mart\'{\i}n~Abadi and
    Ashish~Agarwal and
    Paul~Barham and
    Eugene~Brevdo and
    Zhifeng~Chen and
    Craig~Citro and
    Greg~S.~Corrado and
    Andy~Davis and
    Jeffrey~Dean and
    Matthieu~Devin and
    Sanjay~Ghemawat and
    Ian~Goodfellow and
    Andrew~Harp and
    Geoffrey~Irving and
    Michael~Isard and
    Yangqing Jia and
    Rafal~Jozefowicz and
    Lukasz~Kaiser and
    Manjunath~Kudlur and
    Josh~Levenberg and
    Dan~Man\'{e} and
    Rajat~Monga and
    Sherry~Moore and
    Derek~Murray and
    Chris~Olah and
    Mike~Schuster and
    Jonathon~Shlens and
    Benoit~Steiner and
    Ilya~Sutskever and
    Kunal~Talwar and
    Paul~Tucker and
    Vincent~Vanhoucke and
    Vijay~Vasudevan and
    Fernanda~Vi\'{e}gas and
    Oriol~Vinyals and
    Pete~Warden and
    Martin~Wattenberg and
    Martin~Wicke and
    Yuan~Yu and
    Xiaoqiang~Zheng",
  year="2015",
}

@article{lecun98,
	author = "Y. LeCun and L. Bottou and Y. Bengio and P. Haffner",
	title = "Gradient-Based Learning Applied to Document Recognition",
	journal = "Proceedings of the IEEE",
	year = "1998",
	month = "November"
}

@incollection{ImageNet,
title = {ImageNet Classification with Deep Convolutional Neural Networks},
author = {Alex Krizhevsky and Sutskever, Ilya and Hinton, Geoffrey E},
booktitle = {Advances in Neural Information Processing Systems 25},
editor = {F. Pereira and C. J. C. Burges and L. Bottou and K. Q. Weinberger},
pages = {1097--1105},
year = {2012},
publisher = {Curran Associates, Inc.},
url = {https://goo.gl/yfJonT}
}

@article{geoalex,
  author  = {Nitish Srivastava and Geoffrey Hinton and Alex Krizhevsky and Ilya Sutskever and Ruslan Salakhutdinov},
  title   = {Dropout: A Simple Way to Prevent Neural Networks from Overfitting},
  journal = {Journal of Machine Learning Research},
  year    = {2014},
  volume  = {15},
  pages   = {1929-1958},
  url     = {http://jmlr.org/papers/v15/srivastava14a.html}
}

@article{adam,
    Author = {Diederik P. Kingma and Jimmy Ba},
    Title = {Adam: A Method for Stochastic Optimization},
    Year = {2014},
    Eprint = {arXiv:1412.6980},
}

@article{vgg16,
  Author = {Karen Simonyan and Andrew Zisserman},
  Title = {Very Deep Convolutional Networks for Large-Scale Image Recognition},
  Year = {2014},
  Eprint = {arXiv:1409.1556},
}

@article{inception,
Author = {Christian Szegedy and Wei Liu and Yangqing Jia and Pierre Sermanet and Scott Reed and Dragomir Anguelov and Dumitru Erhan and Vincent Vanhoucke and Andrew Rabinovich},
Title = {Going Deeper with Convolutions},
Year = {2014},
Eprint = {arXiv:1409.4842},
}

@article{gan,
Author = {Ian J. Goodfellow and Jean Pouget-Abadie and Mehdi Mirza and Bing Xu and David Warde-Farley and Sherjil Ozair and Aaron Courville and Yoshua Bengio},
Title = {Generative Adversarial Networks},
Year = {2014},
Eprint = {arXiv:1406.2661},
}
